<record><leader>00000cas a22000007a 4500</leader><controlfield tag="001">23075869</controlfield><controlfield tag="008">910208d19061912maudn ne      0    0eng d</controlfield><datafield ind1=" " ind2=" " tag="010"><subfield code="a">sn 89063487 </subfield></datafield><datafield ind1=" " ind2=" " tag="040"><subfield code="a">MGN</subfield><subfield code="b">eng</subfield><subfield code="c">MGN</subfield><subfield code="d">OCLCQ</subfield></datafield><datafield ind1=" " ind2=" " tag="042"><subfield code="a">msc</subfield></datafield><datafield ind1="0" ind2=" " tag="130"><subfield code="a">Evening news (Woburn, Mass.)</subfield></datafield><datafield ind1="1" ind2="4" tag="245"><subfield code="a">The evening news.</subfield></datafield><datafield ind1=" " ind2=" " tag="260"><subfield code="a">Woburn, Mass. :</subfield><subfield code="b">News Pub. Co.</subfield></datafield><datafield ind1=" " ind2=" " tag="300"><subfield code="a">v.</subfield></datafield><datafield ind1=" " ind2=" " tag="310"><subfield code="a">Daily (except Sun. and holidays)</subfield></datafield><datafield ind1="1" ind2=" " tag="362"><subfield code="a">Began Nov. 1, 1906.</subfield></datafield><datafield ind1="0" ind2=" " tag="362"><subfield code="a">-v. 7, no. 49 (Dec. 31, 1912).</subfield></datafield><datafield ind1=" " ind2=" " tag="580"><subfield code="a">Weekly ed.: Woburn news, 1906-</subfield></datafield><datafield ind1=" " ind2=" " tag="588"><subfield code="a">Description based on: Vol. 1, no. 202 (July 8, 1907).</subfield></datafield><datafield ind1=" " ind2=" " tag="752"><subfield code="a">United States</subfield><subfield code="b">Massachusetts</subfield><subfield code="c">Middlesex</subfield><subfield code="d">Woburn.</subfield></datafield><datafield ind1="1" ind2=" " tag="775"><subfield code="t">Woburn news</subfield><subfield code="w">(DLC)sn 89063486</subfield></datafield><datafield ind1="0" ind2="4" tag="785"><subfield code="t">Woburn journal (Woburn, Mass. : 1873)</subfield><subfield code="w">(DLC)sn 83020799</subfield></datafield><datafield ind1="1" ind2=" " tag="029"><subfield code="a">AU@</subfield><subfield code="b">000025852773</subfield></datafield></record>